<?xml version="1.0" encoding="UTF-8"?><record xmlns="http://www.loc.gov/MARC21/slim" xmlns:cinclude="http://apache.org/cocoon/include/1.0" xmlns:zs="http://www.loc.gov/zing/srw/">
  <leader>01062cz  a2200217n  4500</leader>
  <controlfield tag="001">no2003066223</controlfield>
  <controlfield tag="003">DLC</controlfield>
  <controlfield tag="005">20150810125148.0</controlfield>
  <controlfield tag="008">030703n| azannaabn          |a aaa     c</controlfield>
  <datafield tag="010" ind1=" " ind2=" ">
    <subfield code="a">no2003066223</subfield>
  </datafield>
  <datafield tag="035" ind1=" " ind2=" ">
    <subfield code="a">(OCoLC)oca06091755</subfield>
  </datafield>
  <datafield tag="040" ind1=" " ind2=" ">
    <subfield code="a">OOC</subfield>
    <subfield code="b">eng</subfield>
    <subfield code="e">rda</subfield>
    <subfield code="c">OOC</subfield>
    <subfield code="d">DLC</subfield>
  </datafield>
  <datafield tag="100" ind1="1" ind2=" ">
    <subfield code="a">Medtner, Nikolay Karlovich,</subfield>
    <subfield code="d">1880-1951.</subfield>
    <subfield code="t">Pʹesy,</subfield>
    <subfield code="m">piano,</subfield>
    <subfield code="n">op. 31.</subfield>
    <subfield code="p">Traurnyĭ marsh</subfield>
  </datafield>
  <datafield tag="400" ind1="1" ind2=" ">
    <subfield code="a">Medtner, Nikolay Karlovich,</subfield>
    <subfield code="d">1880-1951.</subfield>
    <subfield code="t">Traurnyĭ marsh</subfield>
  </datafield>
  <datafield tag="400" ind1="1" ind2=" ">
    <subfield code="a">Medtner, Nikolay Karlovich,</subfield>
    <subfield code="d">1880-1951.</subfield>
    <subfield code="t">Marche funèbre</subfield>
  </datafield>
  <datafield tag="400" ind1="1" ind2=" ">
    <subfield code="a">Medtner, Nikolay Karlovich,</subfield>
    <subfield code="d">1880-1951.</subfield>
    <subfield code="t">Traurnïy marsh</subfield>
  </datafield>
  <datafield tag="400" ind1="1" ind2=" ">
    <subfield code="a">Medtner, Nikolay Karlovich,</subfield>
    <subfield code="d">1880-1951.</subfield>
    <subfield code="t">Funeral march</subfield>
  </datafield>
  <datafield tag="670" ind1=" " ind2=" ">
    <subfield code="a">Medtner, N.K. Piano works [SR] 1995:</subfield>
    <subfield code="b">container (3 morceaux, op. 31. II, Marche funèbre)</subfield>
  </datafield>
  <datafield tag="670" ind1=" " ind2=" ">
    <subfield code="a">New Grove</subfield>
    <subfield code="b">(op. 31. 3 p'yesï (3 morceaux): [2] Traurnïy marsh (Marche funèbre))</subfield>
  </datafield>
  <datafield tag="670" ind1=" " ind2=" ">
    <subfield code="a">OCLC #30384258, July 3, 2003</subfield>
    <subfield code="b">(contents: Traurnyĭ marsh = Marche funèbre)</subfield>
  </datafield>
  <datafield tag="670" ind1=" " ind2=" ">
    <subfield code="a">Medtner, N.K. Nikolai Medtner [SR] p2011:</subfield>
    <subfield code="b">container (Funeral march : in B minor, op. 31, no. 2)</subfield>
  </datafield>
</record>